@article{Ladner:1975:SPT:321864.321877,
 author = {Ladner, Richard E.},
 title = {On the Structure of Polynomial Time Reducibility},
 journal = {J. ACM},
 issue_date = {Jan. 1975},
 volume = {22},
 number = {1},
 month = jan,
 year = {1975},
 issn = {0004-5411},
 pages = {155--171},
 numpages = {17},
 url = {http://doi.acm.org/10.1145/321864.321877},
 doi = {10.1145/321864.321877},
 acmid = {321877},
 publisher = {ACM},
 address = {New York, NY, USA},
} 

@MANUAL{eppstein-web,
title  = {The Geometry Junkyard},
author = {David Eppstein},
year   =  {Retrieved January 2019},
note = {Available at \url{https://www.ics.uci.edu/~eppstein/junkyard/open.html}}
}

@MANUAL{eppstein-survey-web,
title  = {Computational Complexity of Games and Puzzles},
author = {David Eppstein},
year   =  {Retrieved August 2020},
note = {Available at \url{https://www.ics.uci.edu/~eppstein/cgt/hard.html}}
}

@Misc{plimpton-322,
  author = {Unknown},
  note = 	 {(Unknonw Babylonian author)},
  title = 	 {Plimpton 322},
  howpublished = {Clay Tablet},
  year = 	 {1800 BCE}
}

@article{ROBSON2001167,
title = "Neither {S}herlock {H}olmes nor {B}abylon: A Reassessment of {P}limpton 322",
journal = "Historia Mathematica",
volume = "28",
number = "3",
pages = "167--206",
year = "2001",
issn = "0315-0860",
doi = "https://doi.org/10.1006/hmat.2001.2317",
url = "http://www.sciencedirect.com/science/article/pii/S0315086001923171",
author = "Eleanor Robson",
}

@book{Heath:1956:TBE:1096890,
 author = {Heath, Thomas L. and Euclid},
 title = {The Thirteen Books of Euclid's Elements, Books 1 and 2},
 year = {1956},
 isbn = {0486600882},
 publisher = {Dover Publications, Inc.},
 address = {New York, NY, USA},
}

@book{diophantus-et-al-1670,
author = {Diophantus, Alexandrinus and Fermat, Pierre de and Bachet, Claude Gaspar},
title = {Diophanti Alexandrini Arithmeticorum libri sex et de numeris multangulis liber unus},
year = {1670},
address = {Tolos\ae},
publisher = {Coll\`ege de Plessis-Sorbonne}
}

@article{wiles1995modular,
  title={Modular elliptic curves and Fermat's last theorem},
  author={Wiles, Andrew},
  journal={Annals of mathematics},
  volume={141},
  number={3},
  pages={443--551},
  year={1995},
  publisher={JSTOR}
}

@article{erdos-1950,
author = {Erd\H{o}s, Paul},
year = {1950},
title = {Az {$1/x_1 + 1/x_2 + \mywadots + 1/x_n = a/b$} egyenlet eg\'esz sz\'am\'u megold\'asair\'ol (On a Diophantine Equation)},
journal = {Mat.~Lapok.},
note = {In Hungarian},
volume = {1},
pages = {192--210}}

@article{hilbert1902mathematical,
  title={Mathematical problems},
  author={Hilbert, David and others},
  journal={Bulletin of the American Mathematical Society},
  volume={8},
  number={10},
  pages={437--479},
  year={1902}
}

@inproceedings{matiyasevich1970diophantineness,
  title={The Diophantineness of enumerable sets},
  author={Matiyasevich, Yuri Vladimirovich},
  booktitle={Doklady Akademii Nauk},
  volume={191},
  number={2},
  pages={279--282},
  year={1970},
  organization={Russian Academy of Sciences}
}

@article{pratt1975every,
  title={Every prime has a succinct certificate},
  author={Pratt, Vaughan R},
  journal={SIAM Journal on Computing},
  volume={4},
  number={3},
  pages={214--220},
  year={1975},
  publisher={SIAM}
}

@article{agrawal2004primes,
  title={{PRIMES} is in {P}},
  author={Agrawal, Manindra and Kayal, Neeraj and Saxena, Nitin},
  journal={Annals of mathematics},
  pages={781--793},
  year={2004},
  publisher={JSTOR}
}

@article{savitch1970relationships,
  title={Relationships between nondeterministic and deterministic tape complexities},
  author={Savitch, Walter J.},
  journal={Journal of computer and system sciences},
  volume={4},
  number={2},
  pages={177--192},
  year={1970},
  publisher={Elsevier}
}


@article{galperin1983succinct,
  title={Succinct representations of graphs},
  author={Galperin, Hana and Wigderson, Avi},
  journal={Information and Control},
  volume={56},
  number={3},
  pages={183--198},
  year={1983},
  publisher={Elsevier}
}

@article{yannakakis1986note,
  title={A Note on Succinct Representations of Graphs},
  author={Yannakakis, C. and Papadirnitriouand M.},
  journal={Information and Control},
  volume={71},
  pages={181--185},
  year={1986}
}

@book{Cormen:2009:IAT:1614191,
 author = {Cormen, Thomas H. and Leiserson, Charles E. and Rivest, Ronald L. and Stein, Clifford},
 title = {Introduction to Algorithms},
 year = {2009},
 isbn = {0262033844, 9780262033848},
 edition = {Third Edition},
 publisher = {The MIT Press},
}

@book{rich2008automata,
  title={Automata, computability and complexity: theory and applications},
  author={Rich, Elaine},
  year={2008},
  publisher={Pearson Prentice Hall Upper Saddle River}
}

@article{hayes2006computing,
  title={Gauss's Day of Reckoning},
  author={Hayes, Brian},
  journal={American Scientist},
  volume={94},
  number={3},
  pages={200--205},
  year={2006},
  publisher={JSTOR}
}

@book{von1856gauss,
  title={Gauss zum Ged{\"a}chtniss},
  author={Von Waltershausen, Wolfgang Sartorius},
  year={1856},
  publisher={S. Hirzel}
}